@string{SP="IEEE Security and Privacy Magazine"}
@string{CODASPY="ACM Conference on Data and Application Security and Privacy"}
@string{ATC="Usenix Annual Technical Conference"}
@string{CSUR="ACM Computing Surveys"}
@string{RTSS="Real-Time Systems Symposium"}
@string{arXiv="arXiv Technical Report"}
@string{LangSec="Language-theoretic Security IEEE Security and Privacy Workshop"}
@string{CCS="ACM Conference on Computer and Communication Security"}
@string{IOTSP="Workshop on the Internet of Things Security and Privacy"}
@string{NDSS="Network and Distributed System Security Symposium"}
@string{ISPASS="International Symposium on Performance Analysis of Systems and Software"}
@string{CCC="Chaos Communication Congress"}
@string{NSPW="New Security Paradigms Workshop"}
@string{BHEU="BlackHat Europe"}
@string{TR="Technical Report"}
@string{PLDI="ACM International Conference on Programming Language Design and Implementation"}
@string{EuroSP="IEEE European Symposium on Security and Privacy"}
@string{SS3P="Open Textbook"}
@string{DIMVA="Conference on Detection of Intrusions and Malware and Vulnerability Assessment"}
@string{ISMM="ACM SIGPLAN International Symposium on Memory Management"}
@string{ESSoS="Int'l. Symp. on Eng. Secure Software and Systems"}
@string{SEC="Usenix Security Symposium"}
@string{IMC="ACM Internet Measurement Conference"}
@string{TSE="IEEE Transactions on Software Engineering"}
@string{CC="International Conference on Compiler Construction"}
@string{STM="International Workshop on Security and Trust Management"}
@string{ArmsRace="The Continuing Arms Race"}
@string{TRB="Transportation Research Board"}
@string{FEAST="Forming an Ecosystem Around Software Transformation"}
@string{DSN="IEEE/IFIP International Conference on Dependable Systems and Networks"}
@string{SyScan360="Symposium on Security for Asia Network + 360"}
@string{BalCCon="Balkan Computer Congress"}
@string{DSAL="AOSD workshop on Domain-Specific Aspect Languages"}
@string{ESORICS="European Symposium on Research in Computer Security"}
@string{WOOT="Usenix Workshop on Offensive Technologies"}
@string{TIFS="IEEE Transactions on Information Forensics and Security"}
@string{HotSWUp="Usenix Workshop on Hot Topics in Software Upgrades"}
@string{AsiaCCS="ACM Symp. on InformAtion, Computer and Communications Security"}
@string{AMAS-BT="Workshop on Architectural and Microarchitectural Support for Binary Translation"}
@string{PPREW="Program Protection and Reverse Engineering Workshop"}
@string{SYSTOR="ACM International Systems and Storage Conference"}
@string{VEE="ACM International Conference on Virtual Execution Environments"}
@string{OSDI="Usenix Symposium on Operating Systems Design and Implementation"}
@string{Oakland="IEEE International Symposium on Security and Privacy"}
@string{PST="IEEE Conference on Privacy, Security, and Trust"}

@inproceedings{dinesh20oakland,
  author = {Sushant Dinesh and Nathan Burow and Dongyan Xu and Mathias Payer},
  title = {{RetroWrite: Statically Instrumenting COTS Binaries for Fuzzing and Sanitization}},
  year = {2020},
  booktitle = Oakland,
  keywords = {conference},
}

@inproceedings{DBLP:conf/lpar/RayaHK23,
  author       = {Rodrigo Raya and
                  Jad Hamza and
                  Viktor Kuncak},
  editor       = {Ruzica Piskac and
                  Andrei Voronkov},
  title        = {On the Complexity of Convex and Reverse Convex Prequadratic Constraints},
  booktitle    = {{LPAR} 2023: Proceedings of 24th International Conference on Logic
                  for Programming, Artificial Intelligence and Reasoning, Manizales,
                  Colombia, 4-9th June 2023},
  series       = {EPiC Series in Computing},
  volume       = {94},
  pages        = {350--368},
  publisher    = {EasyChair},
  year         = {2023},
  url          = {https://doi.org/10.29007/wdd7},
  doi          = {10.29007/wdd7},
  timestamp    = {Wed, 12 Jul 2023 16:50:32 +0200},
  biburl       = {https://dblp.org/rec/conf/lpar/RayaHK23.bib},
  bibsource    = {dblp computer science bibliography, https://dblp.org}
}

@inproceedings{DBLP:conf/fmcad/BucevK22,
  author       = {Mario Bucev and
                  Viktor Kuncak},
  editor       = {Alberto Griggio and
                  Neha Rungta},
  title        = {Formally Verified Quite {OK} Image Format},
  booktitle    = {22nd Formal Methods in Computer-Aided Design, {FMCAD} 2022, Trento,
                  Italy, October 17-21, 2022},
  pages        = {343--348},
  publisher    = {{IEEE}},
  year         = {2022},
  url          = {https://doi.org/10.34727/2022/isbn.978-3-85448-053-2\_41},
  doi          = {10.34727/2022/isbn.978-3-85448-053-2\_41},
  timestamp    = {Fri, 02 Jun 2023 01:00:00 +0200},
  biburl       = {https://dblp.org/rec/conf/fmcad/BucevK22.bib},
  bibsource    = {dblp computer science bibliography, https://dblp.org}
}

@inproceedings{DBLP:conf/nfm/HamzaFKNS22,
  author       = {Jad Hamza and
                  Simon Felix and
                  Viktor Kuncak and
                  Ivo Nussbaumer and
                  Filip Schramka},
  editor       = {Jyotirmoy V. Deshmukh and
                  Klaus Havelund and
                  Ivan Perez},
  title        = {From Verified Scala to {STIX} File System Embedded Code Using Stainless},
  booktitle    = {{NASA} Formal Methods - 14th International Symposium, {NFM} 2022,
                  Pasadena, CA, USA, May 24-27, 2022, Proceedings},
  series       = {Lecture Notes in Computer Science},
  volume       = {13260},
  pages        = {393--410},
  publisher    = {Springer},
  year         = {2022},
  url          = {https://doi.org/10.1007/978-3-031-06773-0\_21},
  doi          = {10.1007/978-3-031-06773-0\_21},
  timestamp    = {Thu, 02 Jun 2022 01:00:00 +0200},
  biburl       = {https://dblp.org/rec/conf/nfm/HamzaFKNS22.bib},
  bibsource    = {dblp computer science bibliography, https://dblp.org}
}

@inproceedings{DBLP:conf/tacas/GuilloudK22,
  author       = {Simon Guilloud and
                  Viktor Kuncak},
  editor       = {Dana Fisman and
                  Grigore Rosu},
  title        = {Equivalence Checking for Orthocomplemented Bisemilattices in Log-Linear
                  Time},
  booktitle    = {Tools and Algorithms for the Construction and Analysis of Systems
                  - 28th International Conference, {TACAS} 2022, Held as Part of the
                  European Joint Conferences on Theory and Practice of Software, {ETAPS}
                  2022, Munich, Germany, April 2-7, 2022, Proceedings, Part {II}},
  series       = {Lecture Notes in Computer Science},
  volume       = {13244},
  pages        = {196--214},
  publisher    = {Springer},
  year         = {2022},
  url          = {https://doi.org/10.1007/978-3-030-99527-0\_11},
  doi          = {10.1007/978-3-030-99527-0\_11},
  timestamp    = {Fri, 29 Apr 2022 14:50:32 +0200},
  biburl       = {https://dblp.org/rec/conf/tacas/GuilloudK22.bib},
  bibsource    = {dblp computer science bibliography, https://dblp.org}
}

@inproceedings{DBLP:conf/vmcai/RayaK22,
  author       = {Rodrigo Raya and
                  Viktor Kuncak},
  editor       = {Bernd Finkbeiner and
                  Thomas Wies},
  title        = {{NP} Satisfiability for Arrays as Powers},
  booktitle    = {Verification, Model Checking, and Abstract Interpretation - 23rd International
                  Conference, {VMCAI} 2022, Philadelphia, PA, USA, January 16-18, 2022,
                  Proceedings},
  series       = {Lecture Notes in Computer Science},
  volume       = {13182},
  pages        = {301--318},
  publisher    = {Springer},
  year         = {2022},
  url          = {https://doi.org/10.1007/978-3-030-94583-1\_15},
  doi          = {10.1007/978-3-030-94583-1\_15},
  timestamp    = {Fri, 21 Jan 2022 00:00:00 +0100},
  biburl       = {https://dblp.org/rec/conf/vmcai/RayaK22.bib},
  bibsource    = {dblp computer science bibliography, https://dblp.org}
}

@inproceedings{DBLP:conf/vmcai/SchmidK22,
  author       = {Georg Stefan Schmid and
                  Viktor Kuncak},
  editor       = {Bernd Finkbeiner and
                  Thomas Wies},
  title        = {Generalized Arrays for Stainless Frames},
  booktitle    = {Verification, Model Checking, and Abstract Interpretation - 23rd International
                  Conference, {VMCAI} 2022, Philadelphia, PA, USA, January 16-18, 2022,
                  Proceedings},
  series       = {Lecture Notes in Computer Science},
  volume       = {13182},
  pages        = {332--354},
  publisher    = {Springer},
  year         = {2022},
  url          = {https://doi.org/10.1007/978-3-030-94583-1\_17},
  doi          = {10.1007/978-3-030-94583-1\_17},
  timestamp    = {Wed, 19 Jan 2022 00:00:00 +0100},
  biburl       = {https://dblp.org/rec/conf/vmcai/SchmidK22.bib},
  bibsource    = {dblp computer science bibliography, https://dblp.org}
}

@article{DBLP:journals/corr/abs-2208-02713,
  author       = {Rodrigo Raya and
                  Jad Hamza and
                  Viktor Kuncak},
  title        = {{NP} Decision Procedure for Monomial and Linear Integer Constraints},
  journal      = {CoRR},
  volume       = {abs/2208.02713},
  year         = {2022},
  url          = {https://doi.org/10.48550/arXiv.2208.02713},
  doi          = {10.48550/arXiv.2208.02713},
  eprinttype    = {arXiv},
  eprint       = {2208.02713},
  timestamp    = {Wed, 10 Aug 2022 01:00:00 +0200},
  biburl       = {https://dblp.org/rec/journals/corr/abs-2208-02713.bib},
  bibsource    = {dblp computer science bibliography, https://dblp.org}
}



@inproceedings{DBLP:conf/cade/HupelK16,
  author       = {Lars Hupel and
                  Viktor Kuncak},
  editor       = {Nicola Olivetti and
                  Ashish Tiwari},
  title        = {Translating Scala Programs to Isabelle/HOL - System Description},
  booktitle    = {Automated Reasoning - 8th International Joint Conference, {IJCAR}
                  2016, Coimbra, Portugal, June 27 - July 2, 2016, Proceedings},
  series       = {Lecture Notes in Computer Science},
  volume       = {9706},
  pages        = {568--577},
  publisher    = {Springer},
  year         = {2016},
  url          = {https://doi.org/10.1007/978-3-319-40229-1\_38},
  doi          = {10.1007/978-3-319-40229-1\_38},
  timestamp    = {Mon, 26 Jun 2023 20:45:22 +0200},
  biburl       = {https://dblp.org/rec/conf/cade/HupelK16.bib},
  bibsource    = {dblp computer science bibliography, https://dblp.org}
}

@inproceedings{DBLP:conf/scala/SchmidK16,
  author       = {Georg Stefan Schmid and
                  Viktor Kuncak},
  editor       = {Aggelos Biboudis and
                  Manohar Jonnalagedda and
                  Sandro Stucki and
                  Vlad Ureche},
  title        = {SMT-based checking of predicate-qualified types for Scala},
  booktitle    = {Proceedings of the 7th {ACM} {SIGPLAN} Symposium on Scala, SCALA@SPLASH
                  2016, Amsterdam, Netherlands, October 30 - November 4, 2016},
  pages        = {31--40},
  publisher    = {{ACM}},
  year         = {2016},
  url          = {https://doi.org/10.1145/2998392.2998398},
  doi          = {10.1145/2998392.2998398},
  timestamp    = {Tue, 06 Nov 2018 16:59:26 +0100},
  biburl       = {https://dblp.org/rec/conf/scala/SchmidK16.bib},
  bibsource    = {dblp computer science bibliography, https://dblp.org}
}

@inproceedings{DBLP:conf/cav/ReynoldsDKTB15,
  author       = {Andrew Reynolds and
                  Morgan Deters and
                  Viktor Kuncak and
                  Cesare Tinelli and
                  Clark W. Barrett},
  editor       = {Daniel Kroening and
                  Corina S. Pasareanu},
  title        = {Counterexample-Guided Quantifier Instantiation for Synthesis in {SMT}},
  booktitle    = {Computer Aided Verification - 27th International Conference, {CAV}
                  2015, San Francisco, CA, USA, July 18-24, 2015, Proceedings, Part
                  {II}},
  series       = {Lecture Notes in Computer Science},
  volume       = {9207},
  pages        = {198--216},
  publisher    = {Springer},
  year         = {2015},
  url          = {https://doi.org/10.1007/978-3-319-21668-3\_12},
  doi          = {10.1007/978-3-319-21668-3\_12},
  timestamp    = {Tue, 27 Jul 2021 01:00:00 +0200},
  biburl       = {https://dblp.org/rec/conf/cav/ReynoldsDKTB15.bib},
  bibsource    = {dblp computer science bibliography, https://dblp.org}
}

@inproceedings{DBLP:conf/cav/KneussKK15,
  author       = {Etienne Kneuss and
                  Manos Koukoutos and
                  Viktor Kuncak},
  editor       = {Daniel Kroening and
                  Corina S. Pasareanu},
  title        = {Deductive Program Repair},
  booktitle    = {Computer Aided Verification - 27th International Conference, {CAV}
                  2015, San Francisco, CA, USA, July 18-24, 2015, Proceedings, Part
                  {II}},
  series       = {Lecture Notes in Computer Science},
  volume       = {9207},
  pages        = {217--233},
  publisher    = {Springer},
  year         = {2015},
  url          = {https://doi.org/10.1007/978-3-319-21668-3\_13},
  doi          = {10.1007/978-3-319-21668-3\_13},
  timestamp    = {Tue, 20 Aug 2019 01:00:00 +0200},
  biburl       = {https://dblp.org/rec/conf/cav/KneussKK15.bib},
  bibsource    = {dblp computer science bibliography, https://dblp.org}
}

@inproceedings{DBLP:conf/icse/GveroK15,
  author       = {Tihomir Gvero and
                  Viktor Kuncak},
  editor       = {Antonia Bertolino and
                  Gerardo Canfora and
                  Sebastian G. Elbaum},
  title        = {Interactive Synthesis Using Free-Form Queries},
  booktitle    = {37th {IEEE/ACM} International Conference on Software Engineering,
                  {ICSE} 2015, Florence, Italy, May 16-24, 2015, Volume 2},
  pages        = {689--692},
  publisher    = {{IEEE} Computer Society},
  year         = {2015},
  url          = {https://doi.org/10.1109/ICSE.2015.224},
  doi          = {10.1109/ICSE.2015.224},
  timestamp    = {Thu, 23 Mar 2023 00:00:00 +0100},
  biburl       = {https://dblp.org/rec/conf/icse/GveroK15.bib},
  bibsource    = {dblp computer science bibliography, https://dblp.org}
}

@inproceedings{DBLP:conf/nfm/Kuncak15,
  author       = {Viktor Kuncak},
  editor       = {Klaus Havelund and
                  Gerard J. Holzmann and
                  Rajeev Joshi},
  title        = {Developing Verified Software Using Leon},
  booktitle    = {{NASA} Formal Methods - 7th International Symposium, {NFM} 2015, Pasadena,
                  CA, USA, April 27-29, 2015, Proceedings},
  series       = {Lecture Notes in Computer Science},
  volume       = {9058},
  pages        = {12--15},
  publisher    = {Springer},
  year         = {2015},
  url          = {https://doi.org/10.1007/978-3-319-17524-9\_2},
  doi          = {10.1007/978-3-319-17524-9\_2},
  timestamp    = {Tue, 14 May 2019 10:00:53 +0200},
  biburl       = {https://dblp.org/rec/conf/nfm/Kuncak15.bib},
  bibsource    = {dblp computer science bibliography, https://dblp.org}
}

@inproceedings{DBLP:conf/oopsla/KurajKJ15,
  author       = {Ivan Kuraj and
                  Viktor Kuncak and
                  Daniel Jackson},
  editor       = {Jonathan Aldrich and
                  Patrick Eugster},
  title        = {Programming with enumerable sets of structures},
  booktitle    = {Proceedings of the 2015 {ACM} {SIGPLAN} International Conference on
                  Object-Oriented Programming, Systems, Languages, and Applications,
                  {OOPSLA} 2015, part of {SPLASH} 2015, Pittsburgh, PA, USA, October
                  25-30, 2015},
  pages        = {37--56},
  publisher    = {{ACM}},
  year         = {2015},
  url          = {https://doi.org/10.1145/2814270.2814323},
  doi          = {10.1145/2814270.2814323},
  timestamp    = {Wed, 23 Jun 2021 16:58:51 +0200},
  biburl       = {https://dblp.org/rec/conf/oopsla/KurajKJ15.bib},
  bibsource    = {dblp computer science bibliography, https://dblp.org}
}

@inproceedings{DBLP:conf/oopsla/MadhavanMGK15,
  author       = {Ravichandhran Madhavan and
                  Mika{\"{e}}l Mayer and
                  Sumit Gulwani and
                  Viktor Kuncak},
  editor       = {Jonathan Aldrich and
                  Patrick Eugster},
  title        = {Automating grammar comparison},
  booktitle    = {Proceedings of the 2015 {ACM} {SIGPLAN} International Conference on
                  Object-Oriented Programming, Systems, Languages, and Applications,
                  {OOPSLA} 2015, part of {SPLASH} 2015, Pittsburgh, PA, USA, October
                  25-30, 2015},
  pages        = {183--200},
  publisher    = {{ACM}},
  year         = {2015},
  url          = {https://doi.org/10.1145/2814270.2814304},
  doi          = {10.1145/2814270.2814304},
  timestamp    = {Wed, 23 Jun 2021 01:00:00 +0200},
  biburl       = {https://dblp.org/rec/conf/oopsla/MadhavanMGK15.bib},
  bibsource    = {dblp computer science bibliography, https://dblp.org}
}

@inproceedings{DBLP:conf/oopsla/GveroK15,
  author       = {Tihomir Gvero and
                  Viktor Kuncak},
  editor       = {Jonathan Aldrich and
                  Patrick Eugster},
  title        = {Synthesizing Java expressions from free-form queries},
  booktitle    = {Proceedings of the 2015 {ACM} {SIGPLAN} International Conference on
                  Object-Oriented Programming, Systems, Languages, and Applications,
                  {OOPSLA} 2015, part of {SPLASH} 2015, Pittsburgh, PA, USA, October
                  25-30, 2015},
  pages        = {416--432},
  publisher    = {{ACM}},
  year         = {2015},
  url          = {https://doi.org/10.1145/2814270.2814295},
  doi          = {10.1145/2814270.2814295},
  timestamp    = {Wed, 23 Jun 2021 01:00:00 +0200},
  biburl       = {https://dblp.org/rec/conf/oopsla/GveroK15.bib},
  bibsource    = {dblp computer science bibliography, https://dblp.org}
}

@inproceedings{DBLP:conf/pldi/VoirolKK15,
  author       = {Nicolas Voirol and
                  Etienne Kneuss and
                  Viktor Kuncak},
  editor       = {Philipp Haller and
                  Heather Miller},
  title        = {Counter-example complete verification for higher-order functions},
  booktitle    = {Proceedings of the 6th {ACM} {SIGPLAN} Symposium on Scala, Scala@PLDI
                  2015, Portland, OR, USA, June 15-17, 2015},
  pages        = {18--29},
  publisher    = {{ACM}},
  year         = {2015},
  url          = {https://doi.org/10.1145/2774975.2774978},
  doi          = {10.1145/2774975.2774978},
  timestamp    = {Mon, 12 Jul 2021 15:34:15 +0200},
  biburl       = {https://dblp.org/rec/conf/pldi/VoirolKK15.bib},
  bibsource    = {dblp computer science bibliography, https://dblp.org}
}

@inproceedings{DBLP:conf/pldi/BlancK15,
  author       = {R{\'{e}}gis Blanc and
                  Viktor Kuncak},
  editor       = {Philipp Haller and
                  Heather Miller},
  title        = {Sound reasoning about integral data types with a reusable {SMT} solver
                  interface},
  booktitle    = {Proceedings of the 6th {ACM} {SIGPLAN} Symposium on Scala, Scala@PLDI
                  2015, Portland, OR, USA, June 15-17, 2015},
  pages        = {35--40},
  publisher    = {{ACM}},
  year         = {2015},
  url          = {https://doi.org/10.1145/2774975.2774980},
  doi          = {10.1145/2774975.2774980},
  timestamp    = {Tue, 06 Nov 2018 00:00:00 +0100},
  biburl       = {https://dblp.org/rec/conf/pldi/BlancK15.bib},
  bibsource    = {dblp computer science bibliography, https://dblp.org}
}

@inproceedings{DBLP:conf/se/GveroKKP15,
  author       = {Tihomir Gvero and
                  Viktor Kuncak and
                  Ivan Kuraj and
                  Ruzica Piskac},
  editor       = {Uwe A{\ss}mann and
                  Birgit Demuth and
                  Thorsten Spitta and
                  Georg P{\"{u}}schel and
                  Ronny Kaiser},
  title        = {InSynth: {A} System for Code Completion using Types and Weights},
  booktitle    = {Software Engineering {\&} Management 2015, Multikonferenz der GI-Fachbereiche
                  Softwaretechnik {(SWT)} und Wirtschaftsinformatik (WI), {FA} WI-MAW,
                  17. M{\"{a}}rz - 20. M{\"{a}}rz 2015, Dresden, Germany},
  series       = {{LNI}},
  volume       = {{P-239}},
  pages        = {39--40},
  publisher    = {{GI}},
  year         = {2015},
  timestamp    = {Thu, 14 Nov 2019 16:35:28 +0100},
  biburl       = {https://dblp.org/rec/conf/se/GveroKKP15.bib},
  bibsource    = {dblp computer science bibliography, https://dblp.org}
}

@inproceedings{DBLP:conf/vmcai/ReynoldsK15,
  author       = {Andrew Reynolds and
                  Viktor Kuncak},
  editor       = {Deepak D'Souza and
                  Akash Lal and
                  Kim Guldstrand Larsen},
  title        = {Induction for {SMT} Solvers},
  booktitle    = {Verification, Model Checking, and Abstract Interpretation - 16th International
                  Conference, {VMCAI} 2015, Mumbai, India, January 12-14, 2015. Proceedings},
  series       = {Lecture Notes in Computer Science},
  volume       = {8931},
  pages        = {80--98},
  publisher    = {Springer},
  year         = {2015},
  url          = {https://doi.org/10.1007/978-3-662-46081-8\_5},
  doi          = {10.1007/978-3-662-46081-8\_5},
  timestamp    = {Tue, 27 Jul 2021 01:00:00 +0200},
  biburl       = {https://dblp.org/rec/conf/vmcai/ReynoldsK15.bib},
  bibsource    = {dblp computer science bibliography, https://dblp.org}
}

@article{DBLP:journals/corr/ReynoldsDKBT15,
  author       = {Andrew Reynolds and
                  Morgan Deters and
                  Viktor Kuncak and
                  Clark W. Barrett and
                  Cesare Tinelli},
  title        = {On Counterexample Guided Quantifier Instantiation for Synthesis in
                  {CVC4}},
  journal      = {CoRR},
  volume       = {abs/1502.04464},
  year         = {2015},
  url          = {http://arxiv.org/abs/1502.04464},
  eprinttype    = {arXiv},
  eprint       = {1502.04464},
  timestamp    = {Tue, 27 Jul 2021 01:00:00 +0200},
  biburl       = {https://dblp.org/rec/journals/corr/ReynoldsDKBT15.bib},
  bibsource    = {dblp computer science bibliography, https://dblp.org}
}

@article{DBLP:journals/corr/Reynolds0K15,
  author       = {Andrew Reynolds and
                  Tim King and
                  Viktor Kuncak},
  title        = {An Instantiation-Based Approach for Solving Quantified Linear Arithmetic},
  journal      = {CoRR},
  volume       = {abs/1510.02642},
  year         = {2015},
  url          = {http://arxiv.org/abs/1510.02642},
  eprinttype    = {arXiv},
  eprint       = {1510.02642},
  timestamp    = {Tue, 27 Jul 2021 01:00:00 +0200},
  biburl       = {https://dblp.org/rec/journals/corr/Reynolds0K15.bib},
  bibsource    = {dblp computer science bibliography, https://dblp.org}
}

@inproceedings{DBLP:conf/cav/MadhavanK14,
  author       = {Ravichandhran Madhavan and
                  Viktor Kuncak},
  editor       = {Armin Biere and
                  Roderick Bloem},
  title        = {Symbolic Resource Bound Inference for Functional Programs},
  booktitle    = {Computer Aided Verification - 26th International Conference, {CAV}
                  2014, Held as Part of the Vienna Summer of Logic, {VSL} 2014, Vienna,
                  Austria, July 18-22, 2014. Proceedings},
  series       = {Lecture Notes in Computer Science},
  volume       = {8559},
  pages        = {762--778},
  publisher    = {Springer},
  year         = {2014},
  url          = {https://doi.org/10.1007/978-3-319-08867-9\_51},
  doi          = {10.1007/978-3-319-08867-9\_51},
  timestamp    = {Mon, 03 Jan 2022 22:13:44 +0100},
  biburl       = {https://dblp.org/rec/conf/cav/MadhavanK14.bib},
  bibsource    = {dblp computer science bibliography, https://dblp.org}
}

@inproceedings{DBLP:conf/ecoop/KurajK14,
  author       = {Ivan Kuraj and
                  Viktor Kuncak},
  editor       = {Philipp Haller and
                  Heather Miller},
  title        = {SciFe: Scala framework for efficient enumeration of data structures
                  with invariants},
  booktitle    = {Proceedings of the Fifth Annual Scala Workshop, SCALA@ECOOP 2014,
                  Uppsala, Sweden, July 28-29, 2014},
  pages        = {45--49},
  publisher    = {{ACM}},
  year         = {2014},
  url          = {https://doi.org/10.1145/2637647.2637655},
  doi          = {10.1145/2637647.2637655},
  timestamp    = {Tue, 06 Nov 2018 16:59:31 +0100},
  biburl       = {https://dblp.org/rec/conf/ecoop/KurajK14.bib},
  bibsource    = {dblp computer science bibliography, https://dblp.org}
}

@article{DBLP:journals/sttt/KuncakMPS13,
  author       = {Viktor Kuncak and
                  Mika{\"{e}}l Mayer and
                  Ruzica Piskac and
                  Philippe Suter},
  title        = {Functional synthesis for linear arithmetic and sets},
  journal      = {Int. J. Softw. Tools Technol. Transf.},
  volume       = {15},
  number       = {5-6},
  pages        = {455--474},
  year         = {2013},
  url          = {https://doi.org/10.1007/s10009-011-0217-7},
  doi          = {10.1007/s10009-011-0217-7},
  timestamp    = {Sat, 05 Sep 2020 01:00:00 +0200},
  biburl       = {https://dblp.org/rec/journals/sttt/KuncakMPS13.bib},
  bibsource    = {dblp computer science bibliography, https://dblp.org}
}

@inproceedings{DBLP:conf/cav/RummerHK13,
  author       = {Philipp R{\"{u}}mmer and
                  Hossein Hojjat and
                  Viktor Kuncak},
  editor       = {Natasha Sharygina and
                  Helmut Veith},
  title        = {Disjunctive Interpolants for Horn-Clause Verification},
  booktitle    = {Computer Aided Verification - 25th International Conference, {CAV}
                  2013, Saint Petersburg, Russia, July 13-19, 2013. Proceedings},
  series       = {Lecture Notes in Computer Science},
  volume       = {8044},
  pages        = {347--363},
  publisher    = {Springer},
  year         = {2013},
  url          = {https://doi.org/10.1007/978-3-642-39799-8\_24},
  doi          = {10.1007/978-3-642-39799-8\_24},
  timestamp    = {Wed, 07 Dec 2022 23:12:58 +0100},
  biburl       = {https://dblp.org/rec/conf/cav/RummerHK13.bib},
  bibsource    = {dblp computer science bibliography, https://dblp.org}
}

@inproceedings{DBLP:conf/ecoop/BlancKKS13,
  author       = {R{\'{e}}gis Blanc and
                  Viktor Kuncak and
                  Etienne Kneuss and
                  Philippe Suter},
  title        = {An overview of the Leon verification system: verification by translation
                  to recursive functions},
  booktitle    = {Proceedings of the 4th Workshop on Scala, SCALA@ECOOP 2013, Montpellier,
                  France, July 2, 2013},
  pages        = {1:1--1:10},
  publisher    = {{ACM}},
  year         = {2013},
  url          = {https://doi.org/10.1145/2489837.2489838},
  doi          = {10.1145/2489837.2489838},
  timestamp    = {Tue, 06 Nov 2018 16:59:31 +0100},
  biburl       = {https://dblp.org/rec/conf/ecoop/BlancKKS13.bib},
  bibsource    = {dblp computer science bibliography, https://dblp.org}
}

@inproceedings{DBLP:conf/emsoft/DarulovaKMS13,
  author       = {Eva Darulova and
                  Viktor Kuncak and
                  Rupak Majumdar and
                  Indranil Saha},
  editor       = {Rolf Ernst and
                  Oleg Sokolsky},
  title        = {Synthesis of fixed-point programs},
  booktitle    = {Proceedings of the International Conference on Embedded Software,
                  {EMSOFT} 2013, Montreal, QC, Canada, September 29 - Oct. 4, 2013},
  pages        = {22:1--22:10},
  publisher    = {{IEEE}},
  year         = {2013},
  url          = {https://doi.org/10.1109/EMSOFT.2013.6658600},
  doi          = {10.1109/EMSOFT.2013.6658600},
  timestamp    = {Wed, 16 Oct 2019 14:14:56 +0200},
  biburl       = {https://dblp.org/rec/conf/emsoft/DarulovaKMS13.bib},
  bibsource    = {dblp computer science bibliography, https://dblp.org}
}


@online{jls,
	title = {The Java® Language Specification},
	url = {https://docs.oracle.com/javase/specs/jls/se21/html/index.html},
	urldate = {2023-12-20},
}

@online{jvms,
	title = {The Java® Virtual Machine Specification},
	url = {https://docs.oracle.com/javase/specs/jvms/se21/html/index.html},
	urldate = {2024-01-28},
}